2194 2948
163 50 198 103 u
296 51 309 64 ²
358 22 372 55 ¹
523 23 743 115 calce

159 161 277 233 manburg
302 163 464 232 qnanvulgo
483 165 618 222 creditur?
637 163 700 220 :Hoc
713 166 777 219 enirii
790 159 1059 243 n'ernu³iregat'tsapiens¹

163 235 229 300 :Non
247 234 279 283 est
296 230 409 295 quaestiO,
430 249 458 282 an
474 231 617 297 poenitentia
626 235 678 285 ‘sera
689 234 781 301 aliquid,
796 236 872 286 valeat
880 236 921 297 ,fist
934 242 1060 301 >stn'cera>'&

162 317 227 354 evvera
238 299 344 350 nonfit‘!
365 297 428 363 Qtis
438 298 501 349 enim
518 300 571 363 hocv
579 315 671 352 temere
684 301 839 362 affirmaverit
853 306 862 353 ?
879 305 937 355 Non
947 309 984 358 :est
999 326 1060 375 quae.

164 366 226 427 ustio,
245 384 273 417 an
292 364 471 431 procrastinatio
486 367 633 431 poeniteutiae
648 368 782 419 voluntaria
792 370 819 419 dt
830 368 941 421 diuturna
959 373 986 422 fit
1006 392 1060 441 pec.

120 452 122 454 ’
161 450 246 486 earum
264 433 365 484 clamans
384 434 408 483 δι
426 430 601 500 periculosum,
621 434 768 486 horribiliter
783 452 871 502 augens
886 435 1063 501 impedimenta-

163 499 301 569 <gravisum
317 499 403 550 futurae
418 516 517 567 quoque
534 501 703 570 poenitentiae?
719 503 746 551 ld
757 520 805 552 non
817 504 892 553 modo
912 504 1056 562 falsumnon
1093 558 1095 561 ,

163 568 217 629 est,
235 569 273 618 sed
295 564 366 616 etiam
378 566 686 635 instantifflmeurgendum
700 569 956 636 atqueinculcandum.
1001 575 1059 628 Non

167 635 200 686 est
211 631 329 700 questio,
348 651 428 684 annon
448 632 551 683 maxima
572 653 624 702 pars
635 650 795 701 ,peccatorum
814 652 881 687 extra
893 637 1059 700 poenitentiam

161 700 283 753 malitiose
305 701 438 766 neglediam
452 699 579 754 infeliciter
592 702 727 753 moriatur?
749 704 843 753 Verum
860 703 923 754 enim
939 707 987 755 hoc
1002 706 1059 771 esse,

89 796 91 802 .
163 767 424 837 justislimaenretuendi
440 768 512 817 eausae
526 769 615 825 adsunt.
651 770 727 835 Porro
742 770 836 819 nonest
852 768 968 837 quadiu,
989 790 1016 822 an
1033 774 1060 824 li-

120 889 123 898 ¹
153 851 218 887 ucat
229 835 280 886 sero
292 834 321 884 δι’
330 833 431 900 suspedie
445 833 618 898 poenitentibus
633 837 701 900 hujus
715 834 810 901 generis
823 838 884 903 quufi
897 836 922 887 in
940 856 970 889 re
984 856 1059 905 prope

163 902 284 968 desperata
301 902 326 952 ὃ(
337 899 526 967 periculostssitna
540 901 630 969 quaevis
641 917 765 953 momenta
774 905 823 968 ejus
834 904 959 963 causae,ad
974 922 1016 956 eos
1029 923 1057 957 ex

163 984 268 1022 veterno
283 968 437 1023 excitandos,
451 983 506 1018 cum
524 968 588 1018 Zelo
608 966 727 1019 charitatis
739 970 764 1019 dr
778 968 994 1022 commiserationis
1004 971 1059 1039 ple..

167 1054 201 1088 no
216 1038 376 1102 proponere?
393 1032 540 1099 Huiusmodi
557 1035 663 1085 severam
680 1034 862 1088 sollicitudinem
876 1053 931 1087 curn
945 1037 1059 1103 aequitas,

164 1117 222 1155 *tum
248 1099 428 1153 neceffitas‘rei
448 1098 514 1166 ipsa,
538 1102 715 1153 &sdiltdiiouis
734 1118 833 1168 quoque
844 1103 959 1154 officium
971 1104 1059 1171 exigit.

166 1172 254 1236 Neque
270 1168 361 1219 illudio
377 1165 563 1234 quastioueest,
579 1185 659 1218 annon
677 1169 751 1219 multa
769 1169 921 1220 mirabilia&
940 1171 1010 1221 nobit
1024 1171 1059 1221 in-

163 1234 386 1302 comprehenfibilia
395 1234 419 1284 in
431 1236 479 1284 hoc
491 1250 570 1283 rerum
579 1241 667 1301 genere
678 1250 807 1286 occurrant
816 1252 919 1302 exparte
929 1236 1059 1302 prouiden-¹

127 1331 128 1334 ¹
164 1302 204 1355 tiae
219 1305 242 1352 dr
254 1300 343 1368 justitiae
358 1300 462 1361 divinae,
477 1299 606 1367 dequibus
626 1318 698 1351 nemo
715 1299 851 1352 mortalium
868 1304 970 1354 reddere
982 1305 1058 1369 potest

164 1369 304 1425 rationem?
313 1365 438 1434 *Qatnvis
452 1383 535 1417 arcana
547 1368 618 1432 hujus
635 1366 670 1417 rei
681 1366 800 1434 sarpislime
810 1367 955 1432 nesciamus,
969 1369 1063 1421 saelum

81 1454 84 1458 ·
164 1436 337 1503 tamenipsum
351 1435 442 1502 liquet,
463 1434 487 1483 ὅ(
501 1432 525 1482 in
542 1435 728 1484 controverfiam
740 1434 825 1485 adduci
839 1453 888 1485 non
898 1436 984 1503 potest.
1011 1438 1058 1487 Ne·

140 1538 142 1541 -
165 1521 215 1572 que
230 1503 289 1554 illud
304 1501 430 1569 quaeritur,
448 1500 506 1567 quid
522 1502 591 1568 Deus·
602 1518 643 1567 per
656 1499 788 1567 potentiam
802 1501 948 1564 absolutam,
964 1504 988 1552 δε
1005 1520 1059 1570 per·

164 1586 236 1640 petua
249 1569 376 1630 miracula,
387 1582 458 1635 atque
469 1568 528 1617 adeo
540 1583 568 1617 ex
582 1566 681 1618 motivis
693 1569 762 1636 plane
774 1569 983 1631 extraordinariis,
1002 1587 1058 1636 pos·

120 1664 121 1669 =
164 1639 192 1689 fit
202 1636 305 1705 exequi,
323 1636 337 1686 fi
350 1635 428 1687 velit?
452 1633 512 1684 Haec
526 1632 589 1685 enim
603 1633 693 1686 nemini
704 1634 798 1702 possunt
812 1634 836 1685 in
854 1637 989 1702 exemplum
1002 1654 1058 1703 pro·

165 1705 227 1755 desse
239 1703 370 1754 universale
384 1697 575 1758 &ordinarium
613 1701 727 1769 Denique
741 1719 786 1752 nec
801 1701 859 1764 illud
877 1700 990 1770 quaeritur
1005 1721 1011 1758 ς
1029 1721 1058 1754 an

165 1772 303 1839 exemplum
314 1768 413 1820 latronis
426 1767 636 1836 procrastinatores
649 1767 748 1833 quosvis
757 1768 920 1820 conversionis
935 1771 978 1820 suae
988 1769 1059 1834 polilt

162 1840 265 1891 reddere
274 1838 384 1898 securos,
395 1852 436 1887 eos
445 1851 513 1902 aeque
522 1849 606 1896 certo,
620 1852 647 1885 ac
657 1835 706 1901 ipso
718 1834 781 1898 sallo
790 1873 798 1903 Ἴ,
813 1834 979 1902 poenitentiam
990 1837 1057 1887 adlu-

163 1923 219 1969 τος,
237 1921 264 1955 ut
273 1907 299 1969 ab
309 1902 351 1954 illo
361 1903 451 1954 fusium
465 1901 517 1956 est?
533 1903 572 1950 De
580 1903 629 1951 hoe
639 1901 701 1952 enim
711 1919 784 1952 nemo
792 1919 886 1965 eorum,
897 1902 939 1969 qui
949 1904 977 1953 ad
984 1903 1059 1963 latross

163 1991 219 2024 nem
237 1970 291 2023 heic
306 1985 456 2036 provocant,
467 1965 584 2035 cogitavit
592 1986 705 2035 unquam.
740 1969 786 2029 illie
802 1969 884 2035 potius
894 1969 917 2019 in
935 1972 978 2019 liae
991 1969 1058 2020 causa

166 2036 338 2092 contradicitur
349 2037 518 2104 hypothefillus
528 2052 578 2084 uon
588 2053 670 2100 parum
682 2037 836 2104 exaggeratis,
847 2054 898 2104 quae
907 2036 987 2103 paliim
997 2037 1058 2104 apud

117 2101 118 2105 ¹
164 2107 304 2159 indiscretos
315 2106 338 2155 dr
349 2103 437 2154 nimios
454 2101 602 2169 poenitentia
610 2102 664 2152 serae
674 2103 836 2164 adversarios,
853 2119 908 2154 utut
920 2105 995 2170 gradu
1010 2102 1057 2155 disu

165 2173 232 2242 pari,
251 2174 377 2239 leguntur3
390 2187 408 2221 e.
419 2188 443 2237 g.
457 2168 482 2218 in
490 2168 548 2229 illis,
560 2167 777 2234 quipoenitetrtiam
787 2171 849 2220 suam
860 2172 974 2238 usquead
984 2170 1058 2221 linem

166 2240 280 2305 vitaepost
290 2237 394 2288 auditum
405 2238 507 2296 verbum
520 2235 566 2296 Dei
576 2234 729 2297 distulerunt,
745 2237 925 2287 converfionem
940 2254 1021 2288 veram
1034 2239 1066 2287 &>

166 2307 264 2360 solidam
276 2305 319 2356 else
330 2304 511 2370 impoffibilem:
523 2304 601 2352 Deum
612 2301 652 2352 hie
663 2302 698 2352 uti
706 2302 730 2352 iu
743 2302 863 2365 salvandis,
870 2318 964 2354 autnon
973 2304 1060 2353 salvan-

168 2375 218 2433 dis,
226 2423 228 2426 ,
237 2375 287 2422 sero
306 2373 424 2423 corrueris
433 2369 510 2420 libero
525 2367 635 2419 Dominii
644 2370 695 2433 jure
708 2372 836 2421 :Omnem
851 2372 914 2438 spem
928 2370 1004 2421 salutis
1014 2368 1059 2420 effe

165 2443 190 2496 iu
208 2437 284 2512 gratia
294 2436 491 2500 extraordinaria,
502 2451 555 2504 quae
566 2433 659 2489 nemini
670 2451 736 2488 certo
752 2437 822 2507 poilir
832 2437 955 2507 promitti:
966 2437 1059 2555 vExdsoe-

371 2525 373 2528 ’
705 2542 706 2545 =
738 2527 739 2532 ’
876 2531 878 2533 ’
1019 2516 1059 2555 ete
